@article{socialfeedback,
	author={Wu, Emily and Yuxin Han and David Whitney and John Oberlin and James MacGlashan and Stefanie Tellex}, 
	title={Robotic Social Feedback for Object Specification}, 
	journal={AAAI: Artificial Intelligence for Human-Robot Interaction}, 
	year={2015}
}


@article{kaelbling10,
    author = {Kaelbling, Leslie P. and Littman, Michael L. and Cassandra, Anthony R.},
    citeulike-article-id = {6554756},
    journal = {Artificial Intelligence},
    keywords = {planning, pomdp},
    number = {1-2},
    posted-at = {2010-01-18 03:56:59},
    priority = {2},
    title = {Planning and acting in partially observable stochastic domains},
    volume = {101},
    year = {1998}
}

@Misc{burlap,
	Author = "James MacGlashan",
	Title  = "\emph{Brown UMBC Reinforcement Learning and Planning Library}",
	Note   = "\url{burlap.cs.brown.edu}", 
	year = 2015
}


@article{bss,
	title={A sparse sampling algorithm for near-optimal planning in large Markov decision processes},
	author={Kearns, Michael and Mansour, Yishay and Ng, Andrew Y},
	journal={Machine Learning},
	volume={49},
	number={2-3},
	pages={193--208},
	year={2002},
	publisher={Springer}
}


@misc{meldon,
	howpublished={Undergraduate Thesis},
	author={Miles Eldon},
	title={{Incrementally Interpreting Multimodal Referring Expressions in Real Time}},
	school={Brown University},
	month={May},
	year={2015},
}
